Isto não é um artigo de journal
article{model2011notation,
  title={Notation (BPMN) version 2.0},
  author={Model, Business Process},
  journal={OMG Specification, Object Management Group},
  year={2011}
}


@misc{model2011notation,
title = {Business Process Model and Notation ({BPMN})},
author = {{OMG}},
publisher = {Object Management Group},
year = {2011},
note = {Disponível em: http://www.omg.org/spec/BPMN/2.0}
}
 

@book{thirdwave:2003,
 author = {Howard Smith and Peter Fingar},
 title = {Business Process Management: The Third Wave},
 year = {2003},
 publisher = {Meghan-Kiffer Press},
} 

@inproceedings{Rafi:2012,
 author = {Rafi, Dudekula Mohammad and Moses, Katam Reddy Kiran and Petersen, Kai and M\"{a}ntyl\"{a}, Mika V.},
 title = {Benefits and Limitations of Automated Software Testing: Systematic Literature Review and Practitioner Survey},
 booktitle = {Proceedings of the 7th International Workshop on Automation of Software Test},
 series = {AST '12},
 year = {2012},
 isbn = {978-1-4673-1822-8},
 location = {Zurich, Switzerland},
 pages = {36--42},
 numpages = {7},
 url = {http://dl.acm.org/citation.cfm?id=2663608.2663616},
 acmid = {2663616},
 publisher = {IEEE Press},
 address = {Piscataway, NJ, USA},
 keywords = {automated software testing, benefits, limitations},
} 

@INPROCEEDINGS{Wiklund:2014,
author={K. Wiklund and D. Sundmark and S. Eldh and K. Lundvist},
booktitle={2014 IEEE Seventh International Conference on Software Testing, Verification and Validation},
title={Impediments for Automated Testing -- An Empirical Analysis of a User Support Discussion Board},
year={2014},
pages={113-122},
keywords={program testing;software tools;automated testing;automatic software testing;centralized IT environment;software development tools;test automation framework support;test script design;thematic analysis;user support discussion board empirical analysis;Automation;Message systems;Organizations;Permission;Servers;Software;Testing;empirical software engineering;software testing;test automation;test tools},
doi={10.1109/ICST.2014.24},
ISSN={2159-4848},
month={March},}


@article{webtest:2013,
 title = {A Systematic Mapping Study of Web Application Testing},
 author = {Vahid Garousic and Ali Mesbahb  and Aysu Betin-Canc and Shabnam Mirshokraie},
 journal = {Information and Software Technology},
 issue_date = {August 2013},
 volume = {55},
 number = {8},
 month = aug,
 year = {2013},
 pages = {1374--1396},
 publisher = {Butterworth-Heinemann},
} 



@book{Delamaro:2007,
 author = {M. E. Delamaro and J. C. Maldonado and M. Jino},
 title = {Introdução ao Teste de Software},
 year = {2007},
 publisher = {Campus Elsevier},
} 

@book{Dustin:2009,
 author = {Dustin, Elfriede and Garrett, Thom and Gauf, Bernie},
 title = {Implementing Automated Software Testing: How to Save Time and Lower Costs While Raising Quality},
 year = {2009},
 isbn = {0321580516, 9780321580511},
 edition = {1st},
 publisher = {Addison-Wesley Professional},
} 


@misc{kurzdiagram,
  title={Diagram Interchangeability in BPMN 2},
  author={Kurz, Matthias and Menge, Falko and Misiak, Zbigniew}
}

@inproceedings{Kurz:2016,
 author = {Kurz, Matthias},
 title = {BPMN Model Interchange: The Quest for Interoperability},
 booktitle = {Proceedings of the 8th International Conference on Subject-oriented Business Process Management},
 series = {S-BPM '16},
 year = {2016},
 isbn = {978-1-4503-4071-7},
 location = {Erlangen, Germany},
 pages = {6:1--6:10},
 articleno = {6},
 numpages = {10},
 url = {http://doi.acm.org/10.1145/2882879.2882886},
 doi = {10.1145/2882879.2882886},
 acmid = {2882886},
 publisher = {ACM},
 address = {New York, NY, USA},
 keywords = {BPMN, BPMN 2.0, Interchange, Process, XML},
} 


@book{molinari2003testes,
  title={Testes de software -- produzindo sistemas melhores e mais confi{\'a}veis},
  author={Molinari, Leonardo},
  year={2008},
  publisher={Editora {\'E}rica}
}

@article{fantinato2005autotest,
  title={AutoTest--Um framework reutiliz{\'a}vel para a automa{\c{c}}{\~a}o de teste funcional de software},
  author={Fantinato, Marcelo and da Cunha, Adriano Camargo Rodrigues and Dias, Sindo Vasquez and Cardoso, Sueli Akiko Mizuno and Cunha, Cleida Aparecida Queiroz},
  journal={Cad. CPqD Tecnologia},
  volume={1},
  number={1},
  pages={119--131},
  year={2005}
}

@article{malaiya2002software,
  title={Software reliability growth with test coverage},
  author={Malaiya, Yashwant K and Li, Michael Naixin and Bieman, James M and Karcich, Rick},
  journal={Reliability, IEEE Transactions on},
  volume={51},
  number={4},
  pages={420--426},
  year={2002},
  publisher={IEEE}
}

@article{zhu1997software,
  title={Software unit test coverage and adequacy},
  author={Zhu, Hong and Hall, Patrick AV and May, John HR},
  journal={{ACM} Computing Surveys},
  volume={29},
  number={4},
  pages={366--427},
  year={1997},
  publisher={ACM}
}

@inproceedings{bieman1996using,
  title={Using fault injection to increase software test coverage},
  author={Bieman, James M and Dreilinger, Daniel and Lin, Lijun},
  booktitle={Software Reliability Engineering, 1996. Proceedings., Seventh International Symposium on},
  pages={166--174},
  year={1996},
  organization={IEEE}
}

@inproceedings{sbqs2013,
author = {Rafael Chiavegatto and others},
title = {Especificação e Automação Colaborativas de Testes utilizando a técnica {BDD}},
booktitle = {XII Simpósio Brasileiro de Qualidade de Software},
year = {2013},
pages = {334--341},
}

@inproceedings{sbqs2015:compara,
author = {V. S. F. Pinheiro and N. M. C. Valentim and A. M. R. Vincenzi},
title = {Um Comparativo na Execução de Testes Manuais e Testes de Aceitação Automatizados em uma Aplicação Web},
booktitle = {XIV Simpósio Brasileiro de Qualidade de Software},
year = {2015},
pages = {260--267},
}

@inproceedings{sbqs2015:bpms,
author = {L. P. Ramos and A. Bessa},
title = {Uma Abordagem de Gestão e Desenvolvimento de Automatização de Processos de Negógio com Apoio de BPMS},
booktitle = {XIV Simpósio Brasileiro de Qualidade de Software},
year = {2015},
pages = {137--151},
}


@inproceedings{sbqs2015,
author = {de Moura, Jéssica L and Charão, Andrea},
title = {Automação de Testes em Aplicações de BPMS: um Relato de Experiência},
booktitle = {XIV Simpósio Brasileiro de Qualidade de Software},
year = {2015},
pages = {212--219},
}

@book{ABPMP,
  title={Guide to the business process management common body of knowledge (BPM CBOK{\textregistered}): ABPMP BPM CBOK{\textregistered}-[version 2.0-second release]},
  author={AB},
  year={2009},
  publisher={ABPMP}
}


@misc{forrester,
title = {The Forrester Wave: {BPM} Suites, {Q1} 2013},
author = {{Forrester Research}},
publisher = {Forrester Research},
year = {2013},
}


@misc{greenresearch,
title = {Business Process Management ({BPM}) Cloud, Mobile, and Patterns: Market Shares, Strategies, and Forecasts, Worldwide, 2013 to 2019},
author = {{Winter Green Research}},
year = {2013}
}

@article{pannutest,
  title={Test Automation Using Cucumber and Selenium WebDriver},
  author={Pannu, Yadvinder Singh}
}

@misc{gherkin,
title = {{Gherkin Reference}},
author = {{Cucumber Limited}},
url = {https://cucumber.io/docs/reference},
urlaccessdate = {16 may. 2016},
year = {2015}
}

@misc{javadom,
title = {{Java Dom XML Reference}},
author = {{Oracle}},
url = {https://docs.oracle.com/javase/tutorial/jaxp/dom/readingXML.html},
urlaccessdate = {20 may. 2016},
year = {2015}
}

@misc{selenium,
title = {Selenium Browser Automation},
author = {Selenium},
url = {http://www.seleniumhq.org/},
urlaccessdate = {20 may. 2016},
year = {2015}
}

@misc{watir,
title = {{Web Application Testing in Ruby}},
author = {{Watir}},
url = {https://watir.com/},
urlaccessdate = {20 may. 2016},
year = {2015}
}

@misc{geb,
title = {{Groovy Browser Automation}},
author = {{Geb}},
url = {http://www.gebish.org/},
urlaccessdate = {20 may. 2016},
year = {2015}
}

@misc{cucumber,
title = {{Cucumber-JVM Reference}},
author = {{Cucumber Limited}},
url = {https://cucumber.io/docs/reference/jvm},
urlaccessdate = {20 may. 2016},
year = {2015}
}

@inproceedings{bohmer2015genetic,
  title={A Genetic Algorithm for Automatic Business Process Test Case Selection},
  author={B{\"o}hmer, Kristof and Rinderle-Ma, Stefanie},
  booktitle={On the Move to Meaningful Internet Systems: OTM 2015 Conferences},
  pages={166--184},
  year={2015},
  organization={Springer}
}

@article{ly2015compliance,
  title={Compliance monitoring in business processes: Functionalities, application, and tool-support},
  author={Ly, Linh Thao and Maggi, Fabrizio Maria and Montali, Marco and Rinderle-Ma, Stefanie and van der Aalst, Wil MP},
  journal={Information systems},
  volume={54},
  pages={209--234},
  year={2015},
  publisher={Elsevier}
}

@article{van2012replaying,
  title={Replaying history on process models for conformance checking and performance analysis},
  author={Van der Aalst, Wil and Adriansyah, Arya and van Dongen, Boudewijn},
  journal={Wiley Interdisciplinary Reviews: Data Mining and Knowledge Discovery},
  volume={2},
  number={2},
  pages={182--192},
  year={2012},
  publisher={Wiley Online Library}
}

@BOOK{weske,
author = {Mathias Weske},
title = {Business Process Management: Concepts, Languages, Architectures},
publisher = {Springer},
year = {2012},
edition = {2nd},
}

@article{aalst2013survey,
 author = {Van der Aalst, Wil},
 title = {Business Process Management: A Comprehensive Survey},
 journal = {ISRN Software Engineering},
 volume = {2013},
 number = {507984},
 year = {2013},
 numpages = {37},
}

@book{graham2012experiences,
  title={Experiences of Test Automation: Case Studies of Software Test Automation},
  author={Graham, D. and Fewster, M.},
  year={2012},
  publisher={Addison-Wesley}
}

@misc{bpmn,
title = {{Business Process Management and Notation}},
author = {{BPMN}},
url = {http://www.bpmn.org/},
urlaccessdate = {14 jun. 2016},
year = {2016}
}
